<record><leader>00000cas a2200000 a 4500</leader><controlfield tag="001">52440018</controlfield><controlfield tag="008">030616d18901997iluwr ne      0    0eng c</controlfield><datafield ind1=" " ind2=" " tag="010"><subfield code="a">sn2003061907</subfield></datafield><datafield ind1=" " ind2=" " tag="040"><subfield code="a">NVF</subfield><subfield code="b">eng</subfield><subfield code="c">NVF</subfield><subfield code="d">NVF</subfield><subfield code="d">OCLCQ</subfield><subfield code="d">NVF</subfield><subfield code="d">OCLCF</subfield><subfield code="d">OCLCO</subfield></datafield><datafield ind1="1" ind2=" " tag="029"><subfield code="a">AU@</subfield><subfield code="b">000024726002</subfield></datafield><datafield ind1=" " ind2=" " tag="042"><subfield code="a">pcc</subfield></datafield><datafield ind1=" " ind2=" " tag="043"><subfield code="a">n-us-il</subfield></datafield><datafield ind1="0" ind2=" " tag="130"><subfield code="a">Chillicothe bulletin (Chillicothe, Ill. : 1890)</subfield></datafield><datafield ind1="1" ind2="4" tag="245"><subfield code="a">The Chillicothe bulletin.</subfield></datafield><datafield ind1=" " ind2=" " tag="260"><subfield code="a">Chillicothe, Peoria County, Ill. :</subfield><subfield code="b">[Frank W. Bailey],</subfield><subfield code="c">1890-1997.</subfield></datafield><datafield ind1="2" ind2=" " tag="260"><subfield code="3">Jan. 18, 1918-Oct. 29, 1920</subfield><subfield code="a">Chillicothe, Ill. :</subfield><subfield code="b">W. Randolph Bailey</subfield></datafield><datafield ind1="2" ind2=" " tag="260"><subfield code="3">Nov. 5, 1920-Apr. 26, 1951</subfield><subfield code="a">Chillicothe, Ill. :</subfield><subfield code="b">G.P. Scott</subfield></datafield><datafield ind1="2" ind2=" " tag="260"><subfield code="3">May 3, 1951-Oct. 15, 1970</subfield><subfield code="a">Chillicothe, Ill. :</subfield><subfield code="b">W.W. Sanders</subfield></datafield><datafield ind1="2" ind2=" " tag="260"><subfield code="3">Oct. 22, 1970-&lt;Dec. 31, 1981&gt;</subfield><subfield code="a">Chillicothe, Ill. :</subfield><subfield code="b">Walfred Co. Inc.</subfield></datafield><datafield ind1="2" ind2=" " tag="260"><subfield code="3">&lt;Jan. 6, 1983&gt;-Dec. 21, 1994</subfield><subfield code="a">Chillicothe, Ill. :</subfield><subfield code="b">Tazewell Pub. Co.</subfield></datafield><datafield ind1="3" ind2=" " tag="260"><subfield code="3">Dec. 28, 1994-1997</subfield><subfield code="a">Chillicothe, Ill. :</subfield><subfield code="b">Flemining Pub. Co.</subfield></datafield><datafield ind1=" " ind2=" " tag="300"><subfield code="a">v.</subfield></datafield><datafield ind1=" " ind2=" " tag="310"><subfield code="a">Weekly</subfield></datafield><datafield ind1="0" ind2=" " tag="362"><subfield code="a">Vol. 9, no. 12 (Nov. 7, 1890)-v. 115, no. 11 (Sept. 24, 1997).</subfield></datafield><datafield ind1=" " ind2=" " tag="515"><subfield code="a">Continues the numbering of Weekly Chillicothe bulletin.</subfield></datafield><datafield ind1=" " ind2=" " tag="515"><subfield code="a">Volume and numbering varies.</subfield></datafield><datafield ind1=" " ind2=" " tag="580"><subfield code="a">Daily ed.: Daily bulletin (Chillicothe, Ill.), &lt;1896&gt;.</subfield></datafield><datafield ind1=" " ind2=" " tag="580"><subfield code="a">Fair ed.: Chillicothe bulletin (Chillicothe, Ill. : 1892), &lt;1892&gt;.</subfield></datafield><datafield ind1=" " ind2="0" tag="651"><subfield code="a">Chillicothe (Ill.)</subfield><subfield code="v">Newspapers.</subfield></datafield><datafield ind1=" " ind2="7" tag="655"><subfield code="a">Newspapers.</subfield><subfield code="2">fast</subfield><subfield code="0">(OCoLC)fst01423814</subfield></datafield><datafield ind1=" " ind2="7" tag="651"><subfield code="a">Illinois</subfield><subfield code="z">Chillicothe.</subfield><subfield code="2">fast</subfield><subfield code="0">(OCoLC)fst01227023</subfield></datafield><datafield ind1=" " ind2=" " tag="752"><subfield code="a">United States</subfield><subfield code="b">Illinois</subfield><subfield code="c">Peoria</subfield><subfield code="d">Chillicothe.</subfield></datafield><datafield ind1="1" ind2=" " tag="775"><subfield code="t">Daily bulletin (Chillicothe, Ill.)</subfield><subfield code="w">(DLC)sn2003061908</subfield><subfield code="w">(OCoLC)52440239</subfield></datafield><datafield ind1="1" ind2=" " tag="775"><subfield code="t">Chillicothe bulletin (Chillicothe, Ill. : 1892)</subfield><subfield code="w">(DLC)sn2003061909</subfield><subfield code="w">(OCoLC)52440186</subfield></datafield><datafield ind1="0" ind2="0" tag="780"><subfield code="t">Weekly Chillicothe bulletin</subfield><subfield code="w">(DLC)sn2003061906</subfield><subfield code="w">(OCoLC)52438084</subfield></datafield><datafield ind1="0" ind2="5" tag="780"><subfield code="t">Chillicothe enquirer</subfield><subfield code="w">(DLC)sn2003061905</subfield><subfield code="w">(OCoLC)52434391</subfield></datafield><datafield ind1="0" ind2="0" tag="785"><subfield code="t">Chillicothe times-bulletin</subfield><subfield code="w">(DLC)sn 98063297</subfield><subfield code="w">(OCoLC)40529175</subfield></datafield></record>